../../latex/casanova_ieee.bib