jcasa@jcasa-ThinkPad-E560.2517:1493637097