/home/jcasa/latex/casanova_ieee.bib